@article{hinton2006fast,
  title={A fast learning algorithm for deep belief nets},
  author={Hinton, Geoffrey and Osindero, Simon and Teh, Yee-Whye},
  journal={Neural computation},
  volume={18},
  number={7},
  pages={1527--1554},
  year={2006},
  publisher={MIT Press}
}

@inproceedings{salakhutdinov2009deep,
  title={Deep boltzmann machines},
  author={Salakhutdinov, Ruslan and Hinton, Geoffrey E},
  booktitle={International Conference on Artificial Intelligence and Statistics},
  pages={448--455},
  year={2009}
}

@article{mnih2014neural,
  title={Neural variational inference and learning in belief networks},
  author={Mnih, Andriy and Gregor, Karol},
  journal={arXiv preprint arXiv:1402.0030},
  year={2014}
}

@article{williams1992simple,
  title={Simple statistical gradient-following algorithms for connectionist reinforcement learning},
  author={Williams, Ronald J},
  journal={Machine learning},
  volume={8},
  number={3-4},
  pages={229--256},
  year={1992},
  publisher={Springer}
}

@article{greensmith2004variance,
  title={Variance reduction techniques for gradient estimates in reinforcement learning},
  author={Greensmith, Evan and Bartlett, Peter L and Baxter, Jonathan},
  journal={The Journal of Machine Learning Research},
  volume={5},
  pages={1471--1530},
  year={2004},
  publisher={JMLR. org}
}

@inproceedings{weaver2001optimal,
  title={The optimal reward baseline for gradient-based reinforcement learning},
  author={Weaver, Lex and Tao, Nigel},
  booktitle={Proceedings of the Seventeenth conference on Uncertainty in artificial intelligence},
  pages={538--545},
  year={2001},
  organization={Morgan Kaufmann Publishers Inc.}
}

@inproceedings{paisley2012variational,
  title={Variational Baysian inference with stochastic search},
  author={Paisley, John and Blei, David M. and Jordan, Michael I.},
  booktitle={Proceedings of the 29th international conference on machine learning},
  year={2012},
}

@article{kingma2013auto,
  title={Auto-encoding variational bayes},
  author={Kingma, Diederik P and Welling, Max},
  journal={arXiv preprint arXiv:1312.6114},
  year={2013}
}

@article{gregor2015draw,
  title={DRAW: A recurrent neural network for image generation},
  author={Gregor, Karol and Danihelka, Ivo and Graves, Alex and Wierstra, Daan},
  journal={arXiv preprint arXiv:1502.04623},
  year={2015}
}

@inproceedings{mnih2014recurrent,
  title={Recurrent models of visual attention},
  author={Mnih, Volodymyr and Heess, Nicolas and Graves, Alex and others},
  booktitle={Advances in Neural Information Processing Systems},
  pages={2204--2212},
  year={2014}
}

@article{sutton1984temporal,
  title={Temporal credit assignment in reinforcement learning},
  author={Sutton, Richard Stuart},
  year={1984}
}

@article{bengio2013estimating,
  title={Estimating or propagating gradients through stochastic neurons for conditional computation},
  author={Bengio, Yoshua and L{\'e}onard, Nicholas and Courville, Aaron},
  journal={arXiv preprint arXiv:1308.3432},
  year={2013}
}

@article{jordan1999introduction,
  title={An introduction to variational methods for graphical models},
  author={Jordan, Michael I and Ghahramani, Zoubin and Jaakkola, Tommi S and Saul, Lawrence K},
  journal={Machine learning},
  volume={37},
  number={2},
  pages={183--233},
  year={1999},
  publisher={Springer}
}

@inproceedings{hinton1983optimal,
  title={Optimal perceptual inference},
  author={Hinton, Geoffrey E and Sejnowski, Terrence J},
  booktitle={Proceedings of the IEEE conference on Computer Vision and Pattern Recognition},
  pages={448--453},
  year={1983},
  organization={IEEE New York}
}

@article{xu2015show,
  title={Show, attend and tell: Neural image caption generation with visual attention},
  author={Xu, Kelvin and Ba, Jimmy and Kiros, Ryan and Courville, Aaron and Salakhutdinov, Ruslan and Zemel, Richard and Bengio, Yoshua},
  journal={arXiv preprint arXiv:1502.03044},
  year={2015}
}

@Book{bishop2006pattern,
  author =       "Bishop, Christopher M.",
  title =        "Pattern Recognition and Machine Learning",
  publisher =    "Springer",
  year =         "2006",
  ISBN =         "978-0387-31073-2",
  url = "http://research.microsoft.com/en-us/um/people/cmbishop/prml/",
  bib2html_rescat = "General ML",
}

@inproceedings{salakhutdinov2008quantitative,
  title={On the quantitative analysis of deep belief networks},
  author={Salakhutdinov, Ruslan and Murray, Iain},
  booktitle={Proceedings of the 25th international conference on Machine learning},
  pages={872--879},
  year={2008},
  organization={ACM}
}

@article{neal1992connectionist,
  title={Connectionist learning of belief networks},
  author={Neal, Radford M},
  journal={Artificial intelligence},
  volume={56},
  number={1},
  pages={71--113},
  year={1992},
  publisher={Elsevier}
}

@article{zeiler2012adadelta,
  title={ADADELTA: an adaptive learning rate method},
  author={Zeiler, Matthew D},
  journal={arXiv preprint arXiv:1212.5701},
  year={2012}
}